@article{madhulatha2012overview,
  title={An overview on clustering methods},
  author={Madhulatha, T Soni},
  journal={arXiv preprint arXiv:1205.1117},
  year={2012}
}

@online{AdvancedMicroElectronics,
  author = {AME Group},
  title = {Data Security Breach: 5 Consuquences of your business},
  year = 2023,
  url = {https://www.theamegroup.com/security-breach/#:~:text=Significant},
  urldate = {2010-04-13}
}

@online{ReactJS,
  author = {React},
  title = {React A javascript library for building user interfaces},
  year = 2023,
  url = {https://legacy.reactjs.org/},
  urldate = {2023-12-10}
}

@article{belanger2006web,
  title={Web site success metrics: Addressing the duality of goals},
  author={B{\'e}langer, France and Fan, Weiguo and Schaupp, L Christian and Krishen, Anjala and Everhart, Jeannine and Poteet, David and Nakamoto, Kent},
  journal={Communications of the ACM},
  volume={49},
  number={12},
  pages={114--116},
  year={2006},
  publisher={ACM New York, NY, USA}
}

@misc{cribwiz,
  title = {CribWiz},
  howpublished = {\url{https://cribwiz.com}},
  note = {2022-04-20}
}

@misc{campusrent,
  title = {CampusRent},
  howpublished = {\url{https://www.campusrent.com}},
  note = {2022-04-20}
}

@misc{zillow2023,
  title = {Zillow: Real Estate, Apartments, Mortgages & Home Values},
  howpublished = {\url{https://www.zillow.com}},
  note = {2023-11-30}
}

@misc{AmberStudent,
  author = {{Amber Student}},
  title = {Amber Student: Student Accommodation Made Easy},
  howpublished = {\url{https://amberstudent.com/}},
  note = {2023-11-30}
}


@book{lowdermilk2013user,
  title={User-centered design: a developer's guide to building user-friendly applications},
  author={Lowdermilk, Travis},
  year={2013},
  publisher={" O'Reilly Media, Inc."}
}

@online{Boston.com,
  author = {Andy Rosen},
  title = {Landlords are rejecting undergrad applicants, and it’s all perfectly legal},
  year = 2019,
  url = {https://www.boston.com/real-estate/spring-house-hunt/2019/06/06/landlords-are-rejecting-undergrad-applicants-and-its-all-perfectly-legal/},
  urldate = {2019-06-06}
}

@article{greer2004software,
  title={Software release planning: an evolutionary and iterative approach},
  author={Greer, Des and Ruhe, Guenther},
  journal={Information and software technology},
  volume={46},
  number={4},
  pages={243--253},
  year={2004},
  publisher={Elsevier}
}

@inproceedings{vredenburg2002survey,
  title={A survey of user-centered design practice},
  author={Vredenburg, Karel and Mao, Ji-Ye and Smith, Paul W and Carey, Tom},
  booktitle={Proceedings of the SIGCHI conference on Human factors in computing systems},
  pages={471--478},
  year={2002}
}

@online{PlaceMeLiving2021,
  author = {{PlaceMe Living}},
  title = {6 Tips to Avoid Rental Scams on Facebook and Craigslist},
  year = 2019,
  url = {\url{https://medium.com/@placemeliving/6-tips-to-avoid-rental-scams-on-facebook-and-craigslist-bdc621a9a39d}},
  urldate = {2019-06-24}
}


@online{AnytimeEstimate,
  author = {Sam Huisache},
  title = {The Most Vacant Cities in America: 2022 Data},
  year = 2022,
  url = {https://anytimeestimate.com/research/most-vacant-cities-2022/},
  urldate = {2010-04-05}
}

@misc{fairhousingact,
  title = {Fair Housing Act},
  year = {1968},
  howpublished = {42 U.S.C. \textsection 3601 et seq.},
}

@article{jaeger2020racial,
  title={Racial discrimination in the sharing economy: Evidence from Airbnb markets across the world},
  author={Jaeger, Bastian and Sleegers, Willem},
  year={2020},
  publisher={PsyArXiv}
}

@article{greenleaf2016price,
  title={The price does not include additional taxes, fees, and surcharges: A review of research on partitioned pricing},
  author={Greenleaf, Eric A and Johnson, Eric J and Morwitz, Vicki G and Shalev, Edith},
  journal={Journal of Consumer Psychology},
  volume={26},
  number={1},
  pages={105--124},
  year={2016},
  publisher={Elsevier}
}

@online{airbnb_privacy,
  author = {Airbnb},
  title = {Privacy Policy},
  year = {2021},
  url = {https://www.airbnb.com/help/article/2855/privacy-policy},
  note = {Accessed: 2023-05-04}
}

@online{MortgageReports,
  author = {Peter Warden},
  title = {Is there an Air Bnb Housing Crisis? Is a crash coming?},
  year = {2023},
  url = {https://themortgagereports.com/106378/is-there-an-airbnb-housing-crisis-and-crash-coming},
  note = {Accessed: 2023-12-12}
}

@online{FortuneBuilder,
  author = {Than Merrill},
  title = {Is Renting to College Students the Best Strategy for You?},
  year = {2022},
  url = {https://www.fortunebuilders.com/renting-college-students/#:~:text=Higher20Rental20Yield&text=As20a20result20of20the,houses20in20a20nearby20market.},
  urldate = {2023}
}

@online{CNBC,
  author = {Kameron Mcnair},
  title = {20 percent of college students struggle to find stable housing—why it could have long-term consequences},
  year = {2022},
  url = {http://web.archive.org/web/20080207010024/http://www.808multimedia.com/winnt/kernel.htm},
  urldate = {2022-11-30}
}
@book{zaransky2006profit,
  title={Profit by investing in student housing: Cash in on the campus housing shortage},
  author={Zaransky, Michael H},
  year={2006},
  publisher={Dearborn Trade Pub.}
}
